@online{nesoacademyChineseRemainderTheorem2021,
  title = {The {{Chinese Remainder Theorem}} ({{Solved Example}} 1)},
  editor = {{Neso Academy}},
  date = {2021-11-07},
  url = {https://www.youtube.com/watch?v=e8DtzQkjOMQ},
  urldate = {2022-02-07},
  abstract = {Network Security: The Chinese Remainder Theorem (Solved Example 1) Topics discussed: 1) Chinese Remainder Theorem (CRT) statement and explanation of all the fields involved in the theorem. 2) Explanation of working of CRT with different moduli that are relatively prime. 3) Solved Example 1 on finding the common variable ‘X’ using CRT with 3 different congruent equations. 4) Explanation on how to verify the final result obtained.  Follow Neso Academy on Instagram: @nesoacademy (https://bit.ly/2XP63OE) Contribute: https://www.nesoacademy.org/donate Memberships: https://bit.ly/2U7YSPI Books: https://www.nesoacademy.org/recommend... Website ► https://www.nesoacademy.org/ Forum ► https://forum.nesoacademy.org/ Facebook ► https://goo.gl/Nt0PmB Twitter      ► https://twitter.com/nesoacademy Music: Axol x Alex Skrindo - You [NCS Release] \#NetworkSecurityByNeso \#Cryptography \#NetworkSecurity \#ChineseRemainderTheorem},
}
